<record><leader>00000cas a22000007a 4500</leader><controlfield tag="001">36095538</controlfield><controlfield tag="008">961216d19781978cauwr ne      0    0eng d</controlfield><datafield ind1=" " ind2=" " tag="010"><subfield code="a">sn 96064566 </subfield></datafield><datafield ind1=" " ind2=" " tag="040"><subfield code="a">CNK</subfield><subfield code="b">eng</subfield><subfield code="c">CNK</subfield><subfield code="d">OCLCQ</subfield><subfield code="d">CNK</subfield><subfield code="d">OCLCF</subfield><subfield code="d">OCLCO</subfield></datafield><datafield ind1="1" ind2=" " tag="029"><subfield code="a">AU@</subfield><subfield code="b">000013023115</subfield></datafield><datafield ind1=" " ind2=" " tag="042"><subfield code="a">msc</subfield></datafield><datafield ind1="0" ind2="0" tag="245"><subfield code="a">Mountaineer Phelan and Pinon Hills progress.</subfield></datafield><datafield ind1="1" ind2="7" tag="246"><subfield code="a">Wrightwood mountaineer</subfield></datafield><datafield ind1=" " ind2=" " tag="260"><subfield code="a">Wrightwood, CA :</subfield><subfield code="b">Thomas C. Pinard</subfield></datafield><datafield ind1=" " ind2=" " tag="300"><subfield code="a">v.</subfield></datafield><datafield ind1=" " ind2=" " tag="310"><subfield code="a">Weekly</subfield></datafield><datafield ind1="0" ind2=" " tag="362"><subfield code="a">Vol. 17, no. 30 (Mar. 22, 1978)-v. 17, no. 50 (Aug. 9, 1978).</subfield></datafield><datafield ind1=" " ind2=" " tag="530"><subfield code="a">Positive films are available for duplication from:</subfield><subfield code="b">California Newspaper Microfilm Archive;</subfield><subfield code="c">copies may be purchased by the reel; for further information consult the CNMA at:</subfield><subfield code="u">http://cbsr.ucr.edu</subfield></datafield><datafield ind1=" " ind2="0" tag="651"><subfield code="a">Phelan (Calif.)</subfield><subfield code="v">Newspapers.</subfield></datafield><datafield ind1=" " ind2="4" tag="651"><subfield code="a">Pinon Hills (Calif.)</subfield><subfield code="v">Newspapers.</subfield></datafield><datafield ind1=" " ind2="0" tag="651"><subfield code="a">Wrightwood (Calif.)</subfield><subfield code="v">Newspapers.</subfield></datafield><datafield ind1=" " ind2="7" tag="655"><subfield code="a">Newspapers.</subfield><subfield code="2">fast</subfield><subfield code="0">(OCoLC)fst01423814</subfield></datafield><datafield ind1=" " ind2="7" tag="651"><subfield code="a">California</subfield><subfield code="z">Phelan.</subfield><subfield code="2">fast</subfield><subfield code="0">(OCoLC)fst01219062</subfield></datafield><datafield ind1=" " ind2="7" tag="651"><subfield code="a">California</subfield><subfield code="z">Wrightwood.</subfield><subfield code="2">fast</subfield><subfield code="0">(OCoLC)fst01208692</subfield></datafield><datafield ind1=" " ind2=" " tag="752"><subfield code="a">United States</subfield><subfield code="b">California</subfield><subfield code="c">San Bernardino</subfield><subfield code="d">Wrightwood.</subfield></datafield><datafield ind1="0" ind2="0" tag="780"><subfield code="t">Mountaineer progress (Wrightwood, Calif.)</subfield><subfield code="w">(DLC)sn 96064565</subfield></datafield><datafield ind1="0" ind2="0" tag="785"><subfield code="t">Wrightwood mountaineer Phelan and Pinon Hills progress (Wrightwood, Calif.)</subfield><subfield code="w">(DLC)sn 96064567</subfield></datafield></record>